@article{fingerprinting,
    author = {Pierre Laperdrix, Walter Rudametkin, Benoit Baudry},
    title = {Beauty and the Beast: Diverting modern web browsers to build unique browser fingerprints},
    journaltitle = {IEEE Symposium on Security and Privacy},
    year = {2016}
}

@article{setcover,
    author = {Wikipedia},
    title = {The set cover problem},
    url = {https://en.wikipedia.org/wiki/Set_cover_problem}
}